@article{cgs13,
       author={Camps-Mur, Daniel, Andres Garcia-Saavedra, and Pablo Serranor},
       title={Device-to-device communications with Wi-Fi Direct: overview and experimentation},
       journal={Wireless Communications, IEEE},
       volume={20.3},
       year = 2013
     }
	 
@article{mo12,
       author={Moore, Kevin L., et al},
       title={Experiments with autonomous mobile radios for wireless tethering in tunnels},
       journal={The journal of defense modeling and simulation: applications, methodology, technology},
       volume={9.1},
       year = 2012,
	   pages = {45-58}
     }	 